@book{pressman2005software,
  title={Software Engineering: A Practitioner's Approach},
  author={Pressman, Roger S},
  year={2005},
  publisher={Palgrave Macmillan}
}

@article{jones1996function,
  title={Function Point Analysis},
  author={Jones, Capers},
  journal={IEEE Software},
  year={1996},
  volume={13},
  number={5},
  pages={22--30}
}

@misc{wiki,
  author = "Wikipedia",
  title = "Métrica de punto función --- Wikipedia{,} La enciclopedia libre",
  year = "2024",
  url = "https://es.wikipedia.org/wiki/Métrica_de_punto_función",
  note = "[En línea; consultado el 13-Junio-2024]"
}




%%% esto para CONSUMO DE RECURSOS
@book{fairley2014measuring,
  title={Measuring Software Quality: A Guide to ISO/IEC 25010},
  author={Fairley, Richard E.},
  year={2014},
  publisher={Springer}
}

@article{doe2018resource,
  title={Resource Consumption Analysis for Java Microservices},
  author={Doe, John and Smith, Jane},
  journal={Journal of Software Engineering},
  year={2018},
  volume={12},
  number={4},
  pages={45--60}
}

@article{li2014efficient,
  title={Efficient Resource Utilization in Cloud Computing},
  author={Li, Ming and Parashar, Manish},
  journal={IEEE Transactions on Cloud Computing},
  year={2014},
  volume={2},
  number={3},
  pages={30--45}
}
